@InProceedings{lafi2019,
    author = {Baydin et al.},
    title = {{Languages for Inference Workshop}},
    year = {2019},
    url = {https://popl19.sigplan.org/track/lafi-2019}
}

@InProceedings{ptml2019,
    author = {Wiltschko et al.},
    title = {{Program Transformations for machine Learning Workshop}},
    year = {2019},
    url = {https://program-transformations.github.io/}
}

@InProceedings{cap2020,
    author = {Sutton et al.},
    title = {{Workshop on Computer-Assisted Programming}},
    year = {2020},
    url = {https://capworkshop.github.io/}
}

@article{baydin2018automatic,
    title={Automatic differentiation in machine learning: a survey},
    author={Baydin, Atilim Gunes and Pearlmutter, Barak A and Radul, Alexey Andreyevich and Siskind, Jeffrey Mark},
    journal={Journal of machine learning research},
    volume={18},
    year={2018},
    publisher={Journal of Machine Learning Research}
}

@inproceedings{stadie2020learning,
    title={Learning Intrinsic Rewards as a Bi-Level Optimization Problem},
    author={Stadie, Bradly and Zhang, Lunjun and Ba, Jimmy},
    booktitle={Conference on Uncertainty in Artificial Intelligence},
    pages={111--120},
    year={2020},
    organization={PMLR}
}

@article{christianson1998reverse,
    title={Reverse aumulation and imploicit functions},
    author={Christianson, Bruce},
    journal={Optimization Methods and Software},
    volume={9},
    number={4},
    pages={307--322},
    year={1998},
    publisher={Taylor \& Francis}
}

@article{nikishin2021control,
    title={Control-Oriented Model-Based Reinforcement Learning with Implicit Differentiation},
    author={Nikishin, Evgenii and Abachi, Romina and Agarwal, Rishabh and Bacon, Pierre-Luc},
    journal={arXiv preprint arXiv:2106.03273},
    year={2021}
}

@inproceedings{li2020scalable,
    title={Scalable gradients for stochastic differential equations},
    author={Li, Xuechen and Wong, Ting-Kam Leonard and Chen, Ricky TQ and Duvenaud, David},
    booktitle={International Conference on Artificial Intelligence and Statistics},
    pages={3870--3882},
    year={2020},
    organization={PMLR}
}

@article{chen2018neural,
    title={Neural ordinary differential equations},
    author={Chen, Ricky TQ and Rubanova, Yulia and Bettencourt, Jesse and Duvenaud, David},
    journal={arXiv preprint arXiv:1806.07366},
    year={2018}
}

@article{belle2020semiring,
    title={Semiring programming: A semantic framework for generalized sum product problems},
    author={Belle, Vaishak and De Raedt, Luc},
    journal={International Journal of Approximate Reasoning},
    volume={126},
    pages={181--201},
    year={2020},
    publisher={Elsevier}
}

@article{baras2010path,
    title={Path problems in networks},
    author={Baras, John S and Theodorakopoulos, George},
    journal={Synthesis Lectures on Communication Networks},
    volume={3},
    number={1},
    pages={1--77},
    year={2010},
    publisher={Morgan \& Claypool Publishers}
}

@book{gondran2008graphs,
    title={Graphs, dioids and semirings: new models and algorithms},
    author={Gondran, Michel and Minoux, Michel},
    volume={41},
    year={2008},
    publisher={Springer Science \& Business Media}
}